@inproceedings{min-effort-tree,
   author = {Basu Roy, Senjuti and Wang, Haidong and Das, Gautam and Nambiar, Ullas and Mohania, Mukesh},
   title = {Minimum-effort driven dynamic faceted search in structured databases},
   booktitle = {CIKM},
   year = {2008},
}

@inproceedings{d3,
 author = {Bostock, Michael and Ogievetsky, Vadim and Heer, Jeffrey},
 title = {D3: Data Driven Documents},
 booktitle = {IEEE Trans Vis and Comp Graphics},
 year = {2011},
}

@inproceedings{protovis1,
 author = {Bostock, Michael and Heer, Jeffrey},
 title = {A graphical toolkit for visualization},
 booktitle = {IEEE Trans Vis and Comp Graphics},
 year = {2009},
}

@inproceedings{landay,
 author = {Newman, Mark and Landay, James},
 title = {Sitemaps, Storyboards, and Specifications: a sketch of Web site design practice},
 booktitle = {Proc. DIS},
 year = {2000},
}

@inproceedings{protovis2,
 author = {{Bostock, Michael and Heer, Jeffrey}},
 title = {Declarative language design for interactive visualization},
 booktitle = {IEEE Trans Vis and Comp Graphics},
 year = {2010},
}

@inproceedings{facet-path,
 author = {Chakrabarti, Kaushik and Chaudhuri, Surajit and Hwang, Seung-won},
 title = {Automatic categorization of query results},
 booktitle = {SIGMOD},
 year = {2004},
} 

@inproceedings{webfacet,
 author = {Pound, Jeffrey and Paparizos, Stelios and Tsaparas, Panayiotis},
 title = {Facet discovery for structured web search: a query-log mining approach},
 booktitle = {SIGMOD},
 year = {2011},
} 

@misc{selenium,
      title = {{Selenium Web Browser Automation Framework}},
      howpublished = "\url{http://docs.seleniumhq.org/}"
}

@inproceedings{snowfall,
  title = {Snow Fall: The Avalanche at Tunnel Creek},
  author = {John Branch},
  booktitle = {The New York Times},
  year={2013}
}

@misc{modpagespeed,
      title = {{mod\_pagespeed}},
      author = {{Google, Inc.}},
      howpublished = "\url{https://code.google.com/p/modpagespeed/}"
}

@inproceedings{vizql,
  title={{VizQL: a language for query, analysis and visualization}},
  author = {{Pat Hanrahan}},
  booktitle = {{SIGMOD}},
  year = {2006}
}

@inproceedings{colorbrewer,
  title={{ColorBrewer.org: An Online Tool for Selecting Colour Schemes for Maps}},
  author={{Harrower, Mark and Brewer, Cynthia}},
  booktitle = {{The Cartographic Journal}},
  year = {2003}
}

@Article{cynthia,
  title={{Color Use Guidelines for Data Representation}},
  author={{Cynthia Brewer}},
  year={1999},
  journal={Proceedings of the Section on Statistical Graphics, American Statistical Association},
  volume=40
}

@Book{gg,
  title={{Grammar of Graphics}},
  author={Leland Wilkinson},
  year={1999},
  publisher={Springer}
}

@Article{sessTimeout,
  title={{"Data Preparation for Mining World Wide Web Browsing Patterns}},
  author={{Cooley, R and Mobasher, B. and Srivastava, J.}},
  year={1999},
  journal={Journal of Knowledge and Information System}
}

@inproceedings{klemmer-examples,
  author = {Lee, Brian and Srivastava, Savil and Kuar, Ranjitha and Brafman, Ronen and Klemmer, Scott R},
  title = {Designing with Interactive Example Galleries},
  booktitle = {Proc. CHI},
  year = {2010},
}

@inproceedings{klemmer-mash,
  author = {Hartmann, Bj√∂rn and Doorley, Scott and Klemmer, Scott R.},
  title = {Understanding Opportunistic Design},
  booktitle = {IEEE Pervasive Computing},
  year = {2008}
}

@inproceedings{inspired,
  author = {Herring, Scarlett R. and Chang, Chia-Chen and Krantzler, Jesse and Bailey, Brian P.},
  title = {Getting Inspired! Understanding How and Why Examples are Used in Creative Design Practice},
  booktitle = {Proc. CHI},
  year = {2009}
}

@inproceedings{data-bearing-page,
  author = {David Karger},
  title = {Standards Opportunities around Data-Bearing Web Pages},
  booktitle = {Proc. HCIR},
  year = {2012}
}

@inproceedings{exhibit,
  author = {Huynh, David F. and Karger, David R. and Miller, Robert C.},
  title = {Exhibit: Lightweight Structured Data Publishing},
  booktitle = {Proc. WWW},
  year = {2007}
}

@inproceedings{berk1,
  author = {Kraska, Tim and Pang, Gene and Franklin, Michael J. and Madden, Samuel and Feketey, Alan},
  title = {MDCC: Multi-Data Center Consistency},
  booktitle = {Proc. Eurosys},
  year = {2013},
  howpublished = "\url{http://mdcc.cs.berkeley.edu/}"
}

@inproceedings{berk2,
  author = {Bailis, Peter and Venkataraman, Shivaram and Franklin, Michael J. and Hellerstein, Joseph M. and Stoica, Ion},
  title = {Probabilistically Bounded Staleness for Practical Partial Quorums},
  booktitle = {Proc. VLDB},
  year = {2012},
  howpublished = "\url{http://pbs.cs.berkeley.edu/}"
}

@inproceedings{broder,
  author = {Broder, Andrei},
  title = {A Taxonomy of Web Search},
  booktitle = {Proc. SIGIR},
  year = {2002}
}

@inproceedings{gardener,
  author = {Gantt, Michelle and Nardi, Bonnie A.},
  title = {Gardeners and Gurus: Patterns of Cooperation among CAD Users},
  booktitle = {Proc. CHI},
  year = {1992}
}

@inproceedings{smw,
   author = {V\"{o}lkel, Max and Kr\"{o}tzsch, Markus and Vrandecic, Denny and Haller, Heiko and Studer, Rudi},
   title = {Semantic Wikipedia},
   booktitle = {Proc. WWW},
   year = {2006}
}

@inproceedings{rdfa,
   author = {Herman, Ivan and Adida, Ben and Sporny, Manu and Birbeck, Mark},
   title = {RDFa 1.1 Primer: Rich Structured Data Markup for Web Documents},
   booktitle = {W3C Working Group Note},
   year = {2013}
}

@inproceedings{homebrew,
   author = {Voida, Amy and Harmon, Ellie and Al-Ani, Ban},
   title = {Homebrew Databases: Complexities of Everyday Information Management in Nonprofit Organizations},
   booktitle = {Proc. CHI},
   year = {2011}
}





